% Encoding: UTF-8

@Article{morse2011patriotism,
  author    = {Morse, Adair and Shive, Sophie},
  journal   = {Journal of financial markets},
  title     = {Patriotism in your portfolio},
  year      = {2011},
  number    = {2},
  pages     = {411--440},
  volume    = {14},
  publisher = {Elsevier},
}

@Article{obstfeld2000six,
  author    = {Obstfeld, Maurice and Rogoff, Kenneth},
  journal   = {NBER macroeconomics annual},
  title     = {The six major puzzles in international macroeconomics: is there a common cause?},
  year      = {2000},
  pages     = {339--390},
  volume    = {15},
  publisher = {MIT press},
}

@Article{coeurdacier2013home,
  author  = {Coeurdacier, Nicolas and Rey, Helene},
  journal = {Journal of Economic Literature},
  title   = {Home bias in open economy financial macroeconomics},
  year    = {2013},
  number  = {1},
  pages   = {63--115},
  volume  = {51},
}

@Article{strong2003understanding,
  author    = {Strong, Norman and Xu, Xinzhong},
  journal   = {Review of Economics and Statistics},
  title     = {Understanding the equity home bias: Evidence from survey data},
  year      = {2003},
  number    = {2},
  pages     = {307--312},
  volume    = {85},
  publisher = {MIT Press},
}

@Article{coval1999home,
  author    = {Coval, Joshua D and Moskowitz, Tobias J},
  journal   = {The Journal of Finance},
  title     = {Home bias at home: Local equity preference in domestic portfolios},
  year      = {1999},
  number    = {6},
  pages     = {2045--2073},
  volume    = {54},
  publisher = {Wiley Online Library},
}

@Article{Karlsson_2007,
  author    = {Anders Karlsson and Lars Nord{\'{e}}n},
  journal   = {Journal of Banking {\&} Finance},
  title     = {Home sweet home: Home bias and international diversification among individual investors},
  year      = {2007},
  month     = {feb},
  number    = {2},
  pages     = {317--333},
  volume    = {31},
  doi       = {https://doi.org/10.1016/j.jbankfin.2006.04.005},
  publisher = {Elsevier {BV}},
}

@Article{,
  doi = {https://doi.org/10.1016/j.jbusres.2018.05.024},
}

@Comment{jabref-meta: databaseType:bibtex;}
