@article{morse2011patriotism,
  title="Patriotism in your portfolio",
  author="Morse, Adair and Shive, Sophie",
  journal="Journal of financial markets",
  volume="14",
  number="2",
  pages="411--440",
  year="2011",
  publisher="Elsevier"
}

@article{obstfeld2000six,
  title={The six major puzzles in international macroeconomics: is there a common cause?},
  author={Obstfeld, Maurice and Rogoff, Kenneth},
  journal={NBER macroeconomics annual},
  volume={15},
  pages={339--390},
  year={2000},
  publisher={MIT press}
}

@article{coeurdacier2013home,
  title={Home bias in open economy financial macroeconomics},
  author={Coeurdacier, Nicolas and Rey, Helene},
  journal={Journal of Economic Literature},
  volume={51},
  number={1},
  pages={63--115},
  year={2013}
}

@article{strong2003understanding,
  title={Understanding the equity home bias: Evidence from survey data},
  author={Strong, Norman and Xu, Xinzhong},
  journal={Review of Economics and Statistics},
  volume={85},
  number={2},
  pages={307--312},
  year={2003},
  publisher={MIT Press}
}


@article{coval1999home,
  title={Home bias at home: Local equity preference in domestic portfolios},
  author={Coval, Joshua D and Moskowitz, Tobias J},
  journal={The Journal of Finance},
  volume={54},
  number={6},
  pages={2045--2073},
  year={1999},
  publisher={Wiley Online Library}
}

@article{brennan1997international,
  title={International portfolio investment flows},
  author={Brennan, Michael J and Cao, H Henry},
  journal={The Journal of Finance},
  volume={52},
  number={5},
  pages={1851--1880},
  year={1997},
  publisher={Wiley Online Library}
}

@article{ahearne2004information,
  title={Information costs and home bias: an analysis of US holdings of foreign equities},
  author={Ahearne, Alan G and Griever, William L and Warnock, Francis E},
  journal={Journal of international economics},
  volume={62},
  number={2},
  pages={313--336},
  year={2004},
  publisher={Elsevier}
}

@article{stulz1981model,
  title={A model of international asset pricing},
  author={Stulz, Ren{\'e}M},
  journal={Journal of financial economics},
  volume={9},
  number={4},
  pages={383--406},
  year={1981},
  publisher={Elsevier}
}

@article{bekaert2000foreign,
  title={Foreign speculators and emerging equity markets},
  author={Bekaert, Geert and Harvey, Campbell R},
  journal={The journal of finance},
  volume={55},
  number={2},
  pages={565--613},
  year={2000},
  publisher={Wiley Online Library}
}

@article{dahlquist2003corporate,
  title={Corporate governance and the home bias},
  author={Dahlquist, Magnus and Pinkowitz, Lee and Stulz, Ren{\'e} M and Williamson, Rohan},
  journal={Journal of Financial and Quantitative Analysis},
  pages={87--110},
  year={2003},
  publisher={JSTOR}
}

@article{grinblatt2000distance,
  title={Distance, language, and culture bias: The role of investor sophistication},
  author={Grinblatt, Mark and Keloharju, Matti},
  year={2000},
  publisher={Yale ICF Working Paper No. 00-04}
}

@article{huberman2001familiarity,
  title={Familiarity breeds investment},
  author={Huberman, Gur},
  journal={The Review of Financial Studies},
  volume={14},
  number={3},
  pages={659--680},
  year={2001},
  publisher={Oxford University Press}
}

@article{karlsson2007home,
  title={Home sweet home: Home bias and international diversification among individual investors},
  author={Karlsson, Anders and Nord{\'e}n, Lars},
  journal={Journal of Banking \& Finance},
  volume={31},
  number={2},
  pages={317--333},
  year={2007},
  publisher={Elsevier}
}

@article{tesar1992home,
  title={Home bias and the globalization of securities markets},
  author={Tesar, Linda Louise and Werner, Ingrid M and others},
  year={1992},
  publisher={National Bureau of Economic Research}
}

@article{clift2012economic,
  title={Economic patriotism: reinventing control over open markets},
  author={Clift, Ben and Woll, Cornelia},
  journal={Journal of European Public Policy},
  volume={19},
  number={3},
  pages={307--323},
  year={2012},
  publisher={Taylor \& Francis}
}

@article{morgan2012supporting,
  title={Supporting the City: economic patriotism in financial markets},
  author={Morgan, Glenn},
  journal={Journal of European Public Policy},
  volume={19},
  number={3},
  pages={373--387},
  year={2012},
  publisher={Taylor \& Francis}
}

@article{spielmann2018product,
  title={Product patriotism: How consumption practices make and maintain national identity},
  author={Spielmann, Nathalie and Maguire, Jennifer Smith and Charters, Steve},
  journal={Journal of Business Research},
  year={2018},
  publisher={Elsevier}
}

@article{kiymaz2016behavioral,
  title={Behavioral biases of finance professionals: Turkish evidence},
  author={Kiymaz, Halil and {\"O}zt{\"u}rkkal, Belma and Akkemik, K Ali},
  journal={Journal of Behavioral and Experimental Finance},
  volume={12},
  pages={101--111},
  year={2016},
  publisher={Elsevier}
}

@article{shankarmahesh2006consumer,
  title={Consumer ethnocentrism: an integrative review of its antecedents and consequences},
  author={Shankarmahesh, Mahesh N},
  journal={International marketing review},
  year={2006},
  publisher={Emerald Group Publishing Limited}
}